@article{SurveyOfIDS,
    author  = "Chirag Modi, Dhiren Patel, Bhavesh Borisaniya, Hiren Patel, Avi Patel, Muttukrishnan Rajarajan",
    title   = "A survey of intrusion detection techniques in Cloud",
    journal = "Journal of Network and Computer Applications",
    year    = "2013"
}
@article{DillonWuChang,
    title={Cloud Computing: Issues and Challenges},
    journal={ Advanced Information Networking and Applications (AINA), 2010 24th IEEE International Conference},
    author={Dillon, Tharam and Wu, Chen and Chang, Elizabeth}
}
@misc{wikipedia,
    title={Cloud computing},
    url={https://en.wikipedia.org/wiki/Cloud_computing},
    journal={Wikipedia},
    publisher={Wikimedia Foundation}
}
